@misc{wolczko-02-ast-interpret,
  author       = {Mario Wolczko},
  title        = {Execution mechanisms Part I: Interpretation},
  year         = {2015},
  url          = {https://www.dropbox.com/s/lfav564dvx20qsw/2\%20AST\%20Interpretation.pdf},
  note         = {[cit. 2020-10-31]},
  howpublished = {[online]}
}

@book{sicp-abelson,
  author         = {Abelson, Harold and 
                    Sussman, Gerald Jay and 
                    Sussman, Julie},
  editor         = {},
  title          = {Structure and Interpretation of Computer Programs, second edition},
  publisher      = {The MIT Press},
  year           = {1996},
  url            = {https://web.mit.edu/alexmv/6.037/sicp.pdf}
}

@misc{deepsource-ast,
  author       = {{DeepSource Corp.}},
  title        = {Abstract Syntax Tree},
  url          = {https://deepsource.io/glossary/ast/},
  note         = {[cit. 2020-11-4]}
}